% lts, pomsets, event structures

@incollection{Aceto-al:2001,
  title={Structural operational semantics},
  author={Aceto, Luca and Fokkink, Wan and Verhoef, Chris},
  booktitle={Handbook of process algebra},
  pages={197--292},
  year={2001},
  publisher={Elsevier}
}

@inproceedings{Pratt:CONCUR84,
  title={The pomset model of parallel processes: Unifying the temporal and the spatial},
  author={Pratt, Vaughan},
  booktitle={International Conference on Concurrency},
  pages={180--196},
  year={1984},
  organization={Springer}
}

@article{Gischer:TCS88,
  title={The equational theory of pomsets},
  author={Gischer, Jay L},
  journal={Theoretical Computer Science},
  volume={61},
  number={2-3},
  pages={199--224},
  year={1988},
  publisher={Elsevier}
}

@inproceedings{Winskel:86,
  title={Event structures},
  author={Winskel, Glynn},
  booktitle={Advanced Course on Petri Nets},
  pages={325--392},
  year={1986},
  organization={Springer}
}

@article{Winskel-TCS:09,
  title={Prime algebraicity},
  author={Winskel, Glynn},
  journal={Theoretical Computer Science},
  volume={410},
  number={41},
  pages={4160--4168},
  year={2009},
  publisher={Elsevier}
}

@inproceedings{Nielsen:REX93,
  title={Relationships between models of concurrency},
  author={Nielsen, Mogens and Sassone, Vladimiro and Winskel, Glynn},
  booktitle={Workshop/School/Symposium of the REX Project (Research and Education in Concurrent Systems)},
  pages={425--476},
  year={1993},
  organization={Springer}
}

@inproceedings{Sassone:MFCS1993,
  title={Deterministic behavioural models for concurrency},
  author={Sassone, Vladimiro and Nielsen, Mogens and Winskel, Glynn},
  booktitle={International Symposium on Mathematical Foundations of Computer Science},
  pages={682--692},
  year={1993},
  organization={Springer}
}


@article{Vaandrager:TCS1991,
  title={Determinism→(event structure isomorphism= step sequence equivalence)},
  author={Vaandrager, Frits W},
  journal={Theoretical Computer Science},
  volume={79},
  number={2},
  pages={275--294},
  year={1991},
  publisher={Elsevier}
}

% CCS

@inproceedings{Winskel:ICALP1982,
  title={Event structure semantics for CCS and related languages},
  author={Winskel, Glynn},
  booktitle={International Colloquium on Automata, Languages, and Programming},
  pages={561--576},
  year={1982},
  organization={Springer}
}

% pi-calculus

@article{Varacca-Nobuko:TCS10,
  title={Typed event structures and the linear $\pi$-calculus},
  author={Varacca, Daniele and Yoshida, Nobuko},
  journal={Theoretical Computer Science},
  volume={411},
  number={19},
  pages={1949--1973},
  year={2010},
  publisher={Elsevier}
}

@inproceedings{Crafa-al:FSCCS12,
  title={Event structure semantics of parallel extrusion in the pi-calculus},
  author={Crafa, Silvia and Varacca, Daniele and Yoshida, Nobuko},
  booktitle={International Conference on Foundations of Software Science and Computational Structures},
  pages={225--239},
  year={2012},
  organization={Springer}
}

@inproceedings{Hildebrandt-al:LATA2017,
  title={A stable non-interleaving early operational semantics for the pi-calculus},
  author={Hildebrandt, Thomas Troels and Johansen, Christian and Normann, H{\aa}kon},
  booktitle={International Conference on Language and Automata Theory and Applications},
  pages={51--63},
  year={2017},
  organization={Springer}
}


% weak memory / po

@article{Lahav-al:POPL16,
  title={Taming release-acquire consistency},
  author={Lahav, Ori and Giannarakis, Nick and Vafeiadis, Viktor},
  journal={ACM SIGPLAN Notices},
  volume={51},
  number={1},
  pages={649--662},
  year={2016},
  publisher={ACM New York, NY, USA}
}

@inproceedings{Lahav-al:PLDI17,
  author =        {Ori Lahav and Viktor Vafeiadis and Jeehoon Kang and
                   Chung-Kil Hur and Derek Dreyer},
  booktitle =     {PLDI 2017},
  publisher =     {ACM},
  title =         {Repairing Sequential Consistency in {C/C++11}},
  year =          {2017},
}

@article{Sewell-al:CACM10,
  author =        {Peter Sewell and Susmit Sarkar and Scott Owens and
                   Francesco Zappa Nardelli and Magnus O. Myreen},
  journal =       {Commun. ACM},
  number =        {7},
  pages =         {89--97},
  title =         {{x86-TSO}: {A} Rigorous and Usable Programmer's Model
                   for x86 Multiprocessors},
  volume =        {53},
  year =          {2010},
  doi = {10.1145/1785414.1785443},
}

@inproceedings{Perrin-al:2016,
  title={Causal consistency: beyond memory},
  author={Perrin, Matthieu and Most{\'e}faoui, Achour and Jard, Claude},
  booktitle={Proceedings of the 21st ACM SIGPLAN Symposium on Principles and Practice of Parallel Programming},
  pages={1--12},
  year={2016}
}

@inproceedings{Lahav-Boker:PLDI2020,
  title={Decidable verification under a causally consistent shared memory},
  author={Lahav, Ori and Boker, Udi},
  booktitle={Proceedings of the 41st ACM SIGPLAN Conference on Programming Language Design and Implementation},
  pages={211--226},
  year={2020}
}

@inproceedings{Jagadeesan-al:ESOP2018,
  title={Eventual consistency for {CRDTs}},
  author={Jagadeesan, Radha and Riely, James},
  booktitle={European Symposium on Programming},
  pages={968--995},
  year={2018},
  organization={Springer}
}

@article{Dolan-al:PLDI18,
  title={Bounding data races in space and time},
  author={Dolan, Stephen and Sivaramakrishnan, KC and Madhavapeddy, Anil},
  journal={ACM SIGPLAN Notices},
  volume={53},
  number={4},
  pages={242--255},
  year={2018},
  publisher={ACM New York, NY, USA}
}

% weak memory / sy.dep

@inproceedings{Sarkar-al:PLDI11,
  author =        {Susmit Sarkar and Peter Sewell and Jade Alglave and
                   Luc Maranget and Derek Williams},
  booktitle =     {PLDI 2011},
  pages =         {175--186},
  publisher =     {ACM},
  title =         {Understanding {POWER} Multiprocessors},
  year =          {2011},
  doi =           {10.1145/1993498.1993520},
}

@article{Pulte-al:POPL18,
  title={Simplifying {ARM} concurrency: multicopy-atomic axiomatic and operational models for {ARMv8}},
  author={Pulte, Christopher and Flur, Shaked and Deacon, Will and French, Jon and Sarkar, Susmit and Sewell, Peter},
  journal={Proceedings of the ACM on Programming Languages},
  volume={2},
  number={POPL},
  pages={1--29},
  year={2018},
  publisher={ACM New York, NY, USA}
}

@article{Podkopaev-al:POPL19,
  title={Bridging the gap between programming languages and hardware weak memory models},
  author={Podkopaev, Anton and Lahav, Ori and Vafeiadis, Viktor},
  journal={Proceedings of the ACM on Programming Languages},
  volume={3},
  number={POPL},
  pages={1--31},
  year={2019},
  publisher={ACM New York, NY, USA}
}

% weak memory / sem.dep

@inproceedings{Manson-al:POPL05,
  author =        {Jeremy Manson and William Pugh and Sarita V. Adve},
  booktitle =     {POPL 2005},
  pages =         {378--391},
  publisher =     {ACM},
  title =         {The {Java} Memory Model},
  year =          {2005},
  doi =           {10.1145/1040305.1040336},
}

@inproceedings{Kang-al:POPL17,
  author =        {Jeehoon Kang and Chung-Kil Hur and Ori Lahav and
                   Viktor Vafeiadis and Derek Dreyer},
  booktitle =     {POPL 2017},
  publisher =     {{ACM}},
  title =         {A Promising Semantics for Relaxed-Memory Concurrency},
  year =          {2017},
  doi       = {10.1145/3009837.3009850},
}

@inproceedings{Lee-al:PLDI20,
  title={Promising 2.0: global optimizations in relaxed memory concurrency},
  author={Lee, Sung-Hwan and Cho, Minki and Podkopaev, Anton and Chakraborty, Soham and Hur, Chung-Kil and Lahav, Ori and Vafeiadis, Viktor},
  booktitle={Proceedings of the 41st ACM SIGPLAN Conference on Programming Language Design and Implementation},
  pages={362--376},
  year={2020}
}

@inproceedings{Cho-al:PLDI21,
  title={Modular Data-Race-Freedom Guarantees in the {Promising} Semantics},
  author={Cho, Minki and Lee, Sung-Hwan and Hur, Chung-Kil and Lahav, Ori},
  booktitle={Proceedings of the 42st ACM SIGPLAN Conference on Programming Language Design and Implementation},
  year={2021}
}

@inproceedings{Chakraborty-Vafeiadis:CGO17,
  title={Formalizing the concurrency semantics of an {LLVM} fragment},
  author={Chakraborty, Soham and Vafeiadis, Viktor},
  booktitle={2017 IEEE/ACM International Symposium on Code Generation and Optimization (CGO)},
  pages={100--110},
  year={2017},
  organization={IEEE}
}

@article{Chakraborty-Vafeiadis:POPL19,
  title={Grounding thin-air reads with event structures},
  author={Chakraborty, Soham and Vafeiadis, Viktor},
  journal={Proceedings of the ACM on Programming Languages},
  volume={3},
  number={POPL},
  pages={1--28},
  year={2019},
  publisher={ACM New York, NY, USA}
}

@inproceedings{Paviotti-al:ESOP20,
  title={Modular Relaxed Dependencies in Weak Memory Concurrency},
  author={Paviotti, Marco and Cooksey, Simon and Paradis, Anouk and Wright, Daniel and Owens, Scott and Batty, Mark},
  booktitle={European Symposium on Programming},
  pages={599--625},
  year={2020},
  organization={Springer, Cham}
}

@article{Jagadeesan-al:OOPSLA2020,
  title={Pomsets with preconditions: a simple model of relaxed memory},
  author={Jagadeesan, Radha and Jeffrey, Alan and Riely, James},
  journal={Proceedings of the ACM on Programming Languages},
  volume={4},
  number={OOPSLA},
  pages={1--30},
  year={2020},
  publisher={ACM New York, NY, USA}
}

% weak memory / event structures

@inproceedings{Jeffrey-Riely:LICS16,
  author =        {Alan Jeffrey and James Riely},
  booktitle =     {LICS 2016},
  publisher =     {IEEE},
  title =         {On Thin Air Reads: Towards an Event Structures
                   Model of Relaxed Memory},
  year =          {2016},
  doi       = {10.1145/2933575.2934536},
}

@inproceedings{PichonPharabod-Sewell:POPL16,
  author =        {Jean Pichon-Pharabod and Peter Sewell},
  booktitle =     {POPL 2016},
  pages =         {622--633},
  publisher =     {{ACM}},
  title =         {A Concurrency Semantics for Relaxed Atomics that
                   Permits Optimisation and Avoids Thin-Air Executions},
  year =          {2016},
  doi       = {10.1145/2837614.2837616},
}

% weak memory / misc

@article{Alglave-al:TOPLAS14,
  author =        {Jade Alglave and Luc Maranget and Michael Tautschnig},
  journal =       {{ACM} Trans. Program. Lang. Syst.},
  number =        {2},
  pages =         {7:1--7:74},
  title =         {Herding Cats: Modelling, Simulation, Testing, and
                   Data Mining for Weak Memory},
  volume =        {36},
  year =          {2014},
  doi =           {10.1145/2627752},
}

@inproceedings{Batty-al:POPL11,
  author =        {Mark Batty and Scott Owens and Susmit Sarkar and
                   Peter Sewell and Tjark Weber},
  booktitle =     {POPL 2011},
  pages =         {55--66},
  publisher =     {ACM},
  title =         {Mathematizing {C++} Concurrency},
  year =          {2011},
  doi = {10.1145/1925844.1926394},
}

@inproceedings{Watt-al:PLDI2020,
  title={Repairing and mechanising the {JavaScript} relaxed memory model},
  author={Watt, Conrad and Pulte, Christopher and Podkopaev, Anton and Barbier, Guillaume and Dolan, Stephen and Flur, Shaked and Pichon-Pharabod, Jean and Guo, Shu-yu},
  booktitle={Proceedings of the 41st ACM SIGPLAN Conference on Programming Language Design and Implementation},
  pages={346--361},
  year={2020}
}

@inproceedings{Batty-al:ESOP15,
  author =        {Mark Batty and Kayvan Memarian and Kyndylan Nienhuis and
                   Jean Pichon{-}Pharabod and Peter Sewell},
  booktitle =     {ESOP},
  pages =         {283--307},
  publisher =     {Springer},
  series =        {LNCS},
  title =         {The Problem of Programming Language Concurrency Semantics},
  volume =        {9032},
  year =          {2015},
  doi  = {10.1007/978-3-662-46669-8_12},
}

% model checking

@inproceedings{Norris-Demsky:OOPSLA2013,
  title={CDSchecker: checking concurrent data structures written with C/C++ atomics},
  author={Norris, Brian and Demsky, Brian},
  booktitle={Proceedings of the 2013 ACM SIGPLAN international conference on Object oriented programming systems languages \& applications},
  pages={131--150},
  year={2013}
}

@inproceedings{Pulte-al:PLDI2019,
  title={Promising-ARM/RISC-V: a simpler and faster operational concurrency model},
  author={Pulte, Christopher and Pichon-Pharabod, Jean and Kang, Jeehoon and Lee, Sung-Hwan and Hur, Chung-Kil},
  booktitle={Proceedings of the 40th ACM SIGPLAN Conference on Programming Language Design and Implementation},
  pages={1--15},
  year={2019}
}

% misc.

@article{McKenney:2010,
  title={Memory barriers: a hardware view for software hackers},
  author={McKenney, Paul E},
  journal={Linux Technology Center, IBM Beaverton},
  year={2010}
}

@book{Milner:1971,
  title={An algebraic definition of simulation between programs},
  author={Milner, Robin},
  publisher={Citeseer}
}

% proof assistants

@software{Coq,
  author       = {{The Coq Development Team}},
  title        = {{The Coq Proof Assistant}},
  month        = jan,
  year         = 2021,
  publisher    = {Zenodo},
  version      = {8.13},
  doi          = {10.5281/zenodo.4501022},
  url          = {https://doi.org/10.5281/zenodo.4501022}
}

% author's publications

@article{Moiseenko-al:OOPSLA22,
  title={Model Checking on Multi-Execution Memory Models},
  author={Moiseenko, E and Kokologiannakis, M and Vafeiadis, V},
  journal={Proceedings of the ACM on Programming Languages},
  volume={6},
  number={OOPSLA},
  pages={},
  year={2022},
  publisher={ACM New York, NY, USA},
  authorscopus  = {true},
  addendum      = {(Scopus)},
}

@inproceedings{Moiseenko-al:ECOOP20,
  title		= {Reconciling Event Structures with Modern Multiprocessors},
  author	= {Moiseenko, E and Podkopaev, A and Lahav, O and
		  Melkonian, O and Vafeiadis, V},
  booktitle	= {European Conference on Object-Oriented Programming, ECOOP 2020},
  year		= {2020},
  pages		= {5:1--5:26},
  series	= {Leibniz International Proceedings in Informatics
		  (LIPIcs)},
  isbn		= {978-3-95977-154-2},
  issn		= {1868-8969},
  volume	= {166},
  opteditor	= {Robert Hirschfeld and Tobias Pape},
  publisher	= {Schloss Dagstuhl--Leibniz-Zentrum für Informatik},
  address	= {Dagstuhl, Germany},
  url		= {https://drops.dagstuhl.de/opus/volltexte/2020/13162},
  urn		= {urn:nbn:de:0030-drops-131622},
  doi		= {10.4230/LIPIcs.ECOOP.2020.5},
  annote	= {Keywords: Weak Memory Consistency, Event Structures, IMM,
		  Weakestmo},
  options       = {maxnames=99},
  language      = {english},
  authorscopus  = {true},
  addendum      = {(Scopus)},
}


@article{Moiseenko-al:PCS21,
  title         = {A Survey of Programming Language Memory Models},
  author        = {Moiseenko, E and Podkopaev, A and Koznov, D},
  journal       = {Programming and Computer Software},
  volume        = {47},
  number        = {6},
  pages         = {439--456},
  year          = {2021},
  publisher     = {Springer},
  language      = {english},
  authorscopus  = {true},
  addendum      = {(ВАК, Scopus)},
}

@article{Gladstein-al:ISPRAS21,
  title         = {Mechanized Theory of Event Structures: A Case of Parallel Register Machine},
  author        = {Gladstein, V and Mikhailovskii, D and Moiseenko, E and Trunov, A},
  journal       = {Труды Института системного программирования РАН},
  volume        = {33},
  number        = {3},
  pages         = {143--154},
  year          = {2021},
  publisher     = {Институт системного программирования им. ВП Иванникова РАН},
  options       = {maxnames=99},
  language      = {russian},
  authorvak     = {true},
  addendum      = {(ВАК)},
}
